@misc{faker,
author={Spence van der Ohe},
year={1934},
title={} what if the title is empty???
}

@article{tsybakov2004,
  title={Optimal aggregation of classifiers in statistical learning},
  author={Alexander B. Tsybakov},
  journal={The Annals of Statistics},
  year={2004},
}

@inproceedings{DBLP:conf/nips/RoyT95,
  author       = {Benjamin Van Roy and
                  John N. Tsitsiklis},
  editor       = {David S. Touretzky and
                  Michael Mozer and
                  Michael E. Hasselmo},
  title        = {Stable LInear Approximations to Dynamic Programming for Stochastic
                  Control Problems with Local Transitions},
  booktitle    = {Advances in Neural Information Processing Systems 8, NIPS, Denver,
                  CO, USA, November 27-30, 1995},
  pages        = {1045--1051},
  publisher    = {{MIT} Press},
  year         = {1995},
  url          = {http://papers.nips.cc/paper/1038-stable-linear-approximations-to-dynamic-programming-for-stochastic-control-problems-with-local-transitions},
  timestamp    = {Mon, 16 May 2022 15:41:51 +0200},
  biburl       = {https://dblp.org/rec/conf/nips/RoyT95.bib},
  bibsource    = {dblp computer science bibliography, https://dblp.org}
}
@book{DBLP:books/lib/SuttonB98,
  author       = {Richard S. Sutton and
                  Andrew G. Barto},
  title        = {Reinforcement learning - an introduction},
  series       = {Adaptive computation and machine learning},
  publisher    = {MIT Press},
  year         = {1998},
  url          = {https://www.worldcat.org/oclc/37293240},
  isbn         = {978-0-262-19398-6},
  timestamp    = {Fri, 17 Jul 2020 16:12:40 +0200},
  biburl       = {https://dblp.org/rec/books/lib/SuttonB98.bib},
  bibsource    = {dblp computer science bibliography, https://dblp.org}
}
@inproceedings{DBLP:conf/nips/Abbasi-YadkoriPS11,
  author       = {Yasin Abbasi{-}Yadkori and
                  D{\'{a}}vid P{\'{a}}l and
                  Csaba Szepesv{\'{a}}ri},
  editor       = {John Shawe{-}Taylor and
                  Richard S. Zemel and
                  Peter L. Bartlett and
                  Fernando C. N. Pereira and
                  Kilian Q. Weinberger},
  title        = {Improved Algorithms for Linear Stochastic Bandits},
  booktitle    = {Advances in Neural Information Processing Systems 24: 25th Annual
                  Conference on Neural Information Processing Systems 2011. Proceedings
                  of a meeting held 12-14 December 2011, Granada, Spain},
  pages        = {2312--2320},
  year         = {2011},
  url          = {https://proceedings.neurips.cc/paper/2011/hash/e1d5be1c7f2f456670de3d53c7b54f4a-Abstract.html},
  timestamp    = {Mon, 16 May 2022 15:41:51 +0200},
  biburl       = {https://dblp.org/rec/conf/nips/Abbasi-YadkoriPS11.bib},
  bibsource    = {dblp computer science bibliography, https://dblp.org}
}


@inproceedings{DBLP:conf/iclr/OsbandDHASSMLSS20,
  author       = {Ian Osband and
                  Yotam Doron and
                  Matteo Hessel and
                  John Aslanides and
                  Eren Sezener and
                  Andre Saraiva and
                  Katrina McKinney and
                  Tor Lattimore and
                  Csaba Szepesv{\'{a}}ri and
                  Satinder Singh and
                  Benjamin Van Roy and
                  Richard S. Sutton and
                  David Silver and
                  Hado van Hasselt},
  title        = {Behaviour Suite for Reinforcement Learning},
  booktitle    = {8th International Conference on Learning Representations, {ICLR} 2020,
                  Addis Ababa, Ethiopia, April 26-30, 2020},
  publisher    = {OpenReview.net},
  year         = {2020},
  url          = {https://openreview.net/forum?id=rygf-kSYwH},
  timestamp    = {Mon, 15 May 2023 16:24:40 +0200},
  biburl       = {https://dblp.org/rec/conf/iclr/OsbandDHASSMLSS20.bib},
  bibsource    = {dblp computer science bibliography, https://dblp.org}
}

@inproceedings{sutton2009fast,
  title={Fast gradient-descent methods for temporal-difference learning with linear function approximation},
  author={Sutton, Richard S and Maei, Hamid Reza and Precup, Doina and Bhatnagar, Shalabh and Silver, David and Szepesv{\'a}ri, Csaba and Wiewiora, Eric},
  booktitle={Proceedings of the 26th annual international conference on machine learning},
  pages={993--1000},
  year={2009}
}

@article{abel2024definition,
  title={A definition of continual reinforcement learning},
  author={Abel, David and Barreto, Andr{\'e} and Van Roy, Benjamin and Precup, Doina and van Hasselt, Hado P and Singh, Satinder},
  journal={Advances in Neural Information Processing Systems},
  volume={36},
  year={2024}
}

@inproceedings{DBLP:conf/nips/Abel0RPHS23,
  author       = {David Abel and
                  Andr{\'{e}} Barreto and
                  Benjamin Van Roy and
                  Doina Precup and
                  Hado Philip van Hasselt and
                  Satinder Singh},
  editor       = {Alice Oh and
                  Tristan Naumann and
                  Amir Globerson and
                  Kate Saenko and
                  Moritz Hardt and
                  Sergey Levine},
  title        = {A Definition of Continual Reinforcement Learning},
  booktitle    = {Advances in Neural Information Processing Systems 36: Annual Conference
                  on Neural Information Processing Systems 2023, NeurIPS 2023, New Orleans,
                  LA, USA, December 10 - 16, 2023},
  year         = {2023},
  url          = {http://papers.nips.cc/paper\_files/paper/2023/hash/9d8cf1247786d6dfeefeeb53b8b5f6d7-Abstract-Conference.html},
  timestamp    = {Fri, 01 Mar 2024 16:26:20 +0100},
  biburl       = {https://dblp.org/rec/conf/nips/Abel0RPHS23.bib},
  bibsource    = {dblp computer science bibliography, https://dblp.org}
}

@book{durrett2019,
  title={Probability: theory and examples},
  author={Rick Durrett},
  year={2019},
  publisher={Cambridge University Press}
}

@article{DBLP:journals/corr/SchulmanWDRK17,
  author       = {John Schulman and
                  Filip Wolski and
                  Prafulla Dhariwal and
                  Alec Radford and
                  Oleg Klimov},
  title        = {Proximal Policy Optimization Algorithms},
  journal      = {CoRR},
  volume       = {abs/1707.06347},
  year         = {2017},
  url          = {http://arxiv.org/abs/1707.06347},
  eprinttype    = {arXiv},
  eprint       = {1707.06347},
  timestamp    = {Mon, 13 Aug 2018 16:47:34 +0200},
  biburl       = {https://dblp.org/rec/journals/corr/SchulmanWDRK17.bib},
  bibsource    = {dblp computer science bibliography, https://dblp.org}
}

@misc{schulman2017proximal,
      title={Proximal Policy Optimization Algorithms}, 
      author={John Schulman and Filip Wolski and Prafulla Dhariwal and Alec Radford and Oleg Klimov},
      year={2017},
      eprint={1707.06347},
      archivePrefix={arXiv},
      primaryClass={cs.LG}
}

@misc{xiao2024verbalized,
      title={Verbalized Machine Learning: Revisiting Machine Learning with Language Models}, 
      author={Tim Z. Xiao and Robert Bamler and Bernhard Sch√∂lkopf and Weiyang Liu},
      year={2024},
      eprint={2406.04344},
      archivePrefix={arXiv},
      primaryClass={cs.LG}
}

@inproceedings{DBLP:conf/nips/KlochkovZ21,
  author       = {Yegor Klochkov and
                  Nikita Zhivotovskiy},
  editor       = {Marc'Aurelio Ranzato and
                  Alina Beygelzimer and
                  Yann N. Dauphin and
                  Percy Liang and
                  Jennifer Wortman Vaughan},
  title        = {Stability and Deviation Optimal Risk Bounds with Convergence Rate
                  {\textdollar}O(1/n){\textdollar}},
  booktitle    = {Advances in Neural Information Processing Systems 34: Annual Conference
                  on Neural Information Processing Systems 2021, NeurIPS 2021, December
                  6-14, 2021, virtual},
  pages        = {5065--5076},
  year         = {2021},
  url          = {https://proceedings.neurips.cc/paper/2021/hash/286674e3082feb7e5afb92777e48821f-Abstract.html},
  timestamp    = {Tue, 03 May 2022 16:20:47 +0200},
  biburl       = {https://dblp.org/rec/conf/nips/KlochkovZ21.bib},
  bibsource    = {dblp computer science bibliography, https://dblp.org}
}

@article{klochkov2021stability,
  title={Stability and Deviation Optimal Risk Bounds with Convergence Rate $ O (1/n) $},
  author={Klochkov, Yegor and Zhivotovskiy, Nikita},
  journal={Advances in Neural Information Processing Systems},
  volume={34},
  pages={5065--5076},
  year={2021}
}

@inproceedings{klochkov2021,
  author       = {Yegor Klochkov and
                  Nikita Zhivotovskiy},
  title        = {Stability and Deviation Optimal Risk Bounds with Convergence Rate {\textdollar}O(1/n){\textdollar}},
  booktitle    = {Advances in Neural Information Processing Systems},
  year         = {2021},
}
@book{durrett2019,
  title={Probability: theory and examples},
  author={Rick Durrett},
  year={2019},
  publisher={Cambridge University Press}
}

@article{tsybakov2004,
  title={Optimal aggregation of classifiers in statistical learning},
  author={Alexander B. Tsybakov},
  journal={The Annals of Statistics},
  year={2004},
}

@book{zhang2023,
  title={Mathematical analysis of machine learning algorithms},
  author={Tong Zhang},
  year={2023},
  publisher={Cambridge University Press}
}
